<collection xmlns="http://www.loc.gov/MARC21/slim">
<record>
  <leader>00973ncm0a22002291i 450 </leader>
  <controlfield tag="001">IT\ICCU\CNCE\044104</controlfield>
  <controlfield tag="005">19990520000000.0</controlfield>
  <datafield tag="100" ind1=" " ind2=" ">
    <subfield code="a">19981230d1569        0itac0103    ba</subfield>
  </datafield>
  <datafield tag="101" ind1=" " ind2=" ">
    <subfield code="a">LAT</subfield>
  </datafield>
  <datafield tag="102" ind1=" " ind2=" ">
    <subfield code="a">IT</subfield>
  </datafield>
  <datafield tag="200" ind1="1" ind2=" ">
    <subfield code="a">Psalmi omnes ad vesperas per totum annum, vna cum tribus Magnificat, quorum vnum tum pari tum plena voce, vt libet cani potest. Paulo Isnardo Ferrarienssi auctore quatuor vocum</subfield>
  </datafield>
  <datafield tag="210" ind1=" " ind2=" ">
    <subfield code="a">Venezia</subfield>
    <subfield code="c">Antonio Gardane</subfield>
    <subfield code="d">1569</subfield>
  </datafield>
  <datafield tag="215" ind1=" " ind2=" ">
    <subfield code="a">4 fasc.</subfield>
    <subfield code="d">16ʻ obl</subfield>
  </datafield>
  <datafield tag="300" ind1=" " ind2=" ">
    <subfield code="a">S, A, T, B</subfield>
  </datafield>
  <datafield tag="620" ind1=" " ind2=" ">
    <subfield code="a">IT</subfield>
    <subfield code="d">Venezia</subfield>
  </datafield>
  <datafield tag="700" ind1=" " ind2="1">
    <subfield code="a">Isnardi,</subfield>
    <subfield code="b">Paolo</subfield>
    <subfield code="3">IT\ICCU\CNCA\011627</subfield>
  </datafield>
  <datafield tag="712" ind1="0" ind2="0">
    <subfield code="a">Gardane, Antonio</subfield>
    <subfield code="3">IT\ICCU\CNCT\000315</subfield>
    <subfield code="4">650</subfield>
  </datafield>
  <datafield tag="790" ind1=" " ind2="1">
    <subfield code="a">Isnardus,</subfield>
    <subfield code="b">Paulus</subfield>
    <subfield code="3">IT\ICCU\CNCA\026050</subfield>
    <subfield code="z">Isnardi, Paolo</subfield>
  </datafield>
  <datafield tag="791" ind1="0" ind2="0">
    <subfield code="a">Gardano, Antonio</subfield>
    <subfield code="3">IT\ICCU\CNCT\004837</subfield>
    <subfield code="z">Gardane, Antonio</subfield>
  </datafield>
  <datafield tag="791" ind1="0" ind2="0">
    <subfield code="a">Gardanus, Antonius</subfield>
    <subfield code="3">IT\ICCU\CNCT\004839</subfield>
    <subfield code="z">Gardane, Antonio</subfield>
  </datafield>
  <datafield tag="801" ind1=" " ind2="3">
    <subfield code="a">IT</subfield>
    <subfield code="b">ICCU</subfield>
    <subfield code="c">20201114</subfield>
  </datafield>
  <datafield tag="899" ind1=" " ind2=" ">
    <subfield code="a">Biblioteca del Conservatorio statale di musica Giuseppe Verdi. Milano</subfield>
    <subfield code="1">MI0344</subfield>
    <subfield code="2">LO1 09</subfield>
  </datafield>
</record>
</collection>
